@article{ehrenfest_bemerkung_1927,
    author = {Ehrenfest, P.},
    title = {Bemerkung {\"u}ber die angen{\"a}herte G{\"u}ltigkeit der klassischen Mechanik innerhalb der Quantenmechanik},
    journal = {Zeitschrift f{\"u}r Physik},
    year = {1927},
    volume = {45},
    number = {7},
    pages = {455}
}

@article{dirac_paul_adrien_maurice_quantum_1929,
	title = {Quantum mechanics of many-electron systems},
	volume = {123},
	number = {792},
	journal = {Proceedings of the Royal Society A},
	author = {Dirac, P. A. M. and Fowler, R. H.},
	year = {1929},
	pages = {714}
	%doi = {10.1098/rspa.1929.0094}
}

@article{fock_bemerkung_1930,
	title = {Bemerkung zum {Virialsatz}},
	volume = {63},
	doi = {10.1007/BF01339281},
	number = {11},
	journal = {Zeitschrift f{\"u}r Physik},
	author = {Fock, V.},
	year = {1930},
	pages = {855}
}

@article{dirac_new_1939,
	title = {A new notation for quantum mechanics},
	volume = {35},
	doi = {10.1017/S0305004100021162},
	number = {3},
	journal = {Mathematical Proceedings of the Cambridge Philosophical Society},
	author = {Dirac, P. A. M.},
	year = {1939},
	pages = {416}
}

@article{hartree_wave_1928,
	title = {The {Wave} {Mechanics} of an {Atom} with a {Non}-{Coulomb} {Central} {Field}. {Part} {II}. {Some} {Results} and {Discussion}},
	volume = {24},
	doi = {10.1017/S0305004100011920},
	number = {1},
	journal = {Mathematical Proceedings of the Cambridge Philosophical Society},
	author = {Hartree, D. R.},
	year = {1928},
	pages = {111}
}

@article{fock_selfconsistent_1930,
	title = {{\quotedblbase}{Selfconsistent} field{\textquotedblleft} mit {Austausch} f{\"u}r {Natrium}},
	volume = {62},
	doi = {10.1007/BF01330439},
	number = {11},
	journal = {Zeitschrift f{\"u}r Physik},
	author = {Fock, V.},
	year = {1930},
	pages = {795}
}

@article{born_zur_1926,
	title = {Zur {Quantenmechanik} der {Sto{\ss}vorg{\"a}nge}},
	volume = {37},
	doi = {10.1007/BF01397477},
	number = {12},
	journal = {Zeitschrift f{\"u}r Physik},
	author = {Born, M.},
	year = {1926},
	pages = {863}
}

@article{heisenberg_uber_1925,
	title = {{\"U}ber quantentheoretische {Umdeutung} kinematischer und mechanischer {Beziehungen}.},
	volume = {33},
	doi = {10.1007/BF01328377},
	number = {1},
	journal = {Zeitschrift f{\"u}r Physik},
	author = {Heisenberg, W.},
	year = {1925},
	pages = {879}
}

@article{einstein_can_1935,
	title = {Can {Quantum}-{Mechanical} {Description} of {Physical} {Reality} {Be} {Considered} {Complete}?},
	volume = {47},
	doi = {10.1103/PhysRev.47.777},
	number = {10},
	journal = {Physical Review},
	author = {Einstein, A. and Podolsky, B. and Rosen, N.},
	year = {1935},
	pages = {777}
}

@article{schrodinger_undulatory_1926,
	title = {An {Undulatory} {Theory} of the {Mechanics} of {Atoms} and {Molecules}},
	volume = {28},
	doi = {10.1103/PhysRev.28.1049},
	number = {6},
	journal = {Physical Review},
	author = {Schr{\"o}dinger, E.},
	year = {1926},
	pages = {1049}
}

@article{slater_atomic_1930,
  title = {Atomic Shielding Constants},
  author = {Slater, J. C.},
  journal = {Physical Review},
  volume = {36},
  number = {1},
  pages = {57},
  year = {1930}
}
